<record><leader>00000cas a2200000 a 4500</leader><controlfield tag="001">18375135</controlfield><controlfield tag="008">880819d19701971cauuu n       0    0eng c</controlfield><datafield ind1=" " ind2=" " tag="010"><subfield code="a">  2010254272</subfield></datafield><datafield ind1=" " ind2=" " tag="040"><subfield code="a">CUS</subfield><subfield code="b">eng</subfield><subfield code="c">CUS</subfield><subfield code="d">OCL</subfield><subfield code="d">OCLCQ</subfield><subfield code="d">CUS</subfield><subfield code="d">OCLCF</subfield><subfield code="d">CUS</subfield><subfield code="d">OCLCA</subfield></datafield><datafield ind1=" " ind2=" " tag="042"><subfield code="a">pcc</subfield></datafield><datafield ind1=" " ind2=" " tag="043"><subfield code="a">n-us-ca</subfield></datafield><datafield ind1="1" ind2="4" tag="050"><subfield code="a">LD781.S2</subfield><subfield code="b">A3865</subfield></datafield><datafield ind1="0" ind2=" " tag="130"><subfield code="a">Third world (La Jolla, San Diego, Calif.)</subfield></datafield><datafield ind1="1" ind2="0" tag="245"><subfield code="a">Third world.</subfield></datafield><datafield ind1=" " ind2=" " tag="260"><subfield code="a">La Jolla, Calif. :</subfield><subfield code="b">[University of California, San Diego],</subfield><subfield code="c">1970-</subfield></datafield><datafield ind1=" " ind2=" " tag="300"><subfield code="a">v. :</subfield><subfield code="b">ill. ;</subfield><subfield code="c">38 cm.</subfield></datafield><datafield ind1="0" ind2=" " tag="362"><subfield code="a">Vol. 1, no. 1 (Nov. 4, 1970)-[v. 1, no. 8] (May 7, 1971).</subfield></datafield><datafield ind1=" " ind2=" " tag="530"><subfield code="a">Also issued online.</subfield></datafield><datafield ind1="2" ind2="0" tag="610"><subfield code="a">University of California, San Diego</subfield><subfield code="x">Students</subfield><subfield code="v">Newspapers.</subfield></datafield><datafield ind1="2" ind2="0" tag="610"><subfield code="a">University of California, San Diego</subfield><subfield code="v">Periodicals.</subfield></datafield><datafield ind1="2" ind2="7" tag="610"><subfield code="a">University of California, San Diego.</subfield><subfield code="2">fast</subfield><subfield code="0">(OCoLC)fst00531977</subfield></datafield><datafield ind1=" " ind2="7" tag="650"><subfield code="a">Students.</subfield><subfield code="2">fast</subfield><subfield code="0">(OCoLC)fst01136041</subfield></datafield><datafield ind1=" " ind2="7" tag="655"><subfield code="a">Newspapers.</subfield><subfield code="2">fast</subfield><subfield code="0">(OCoLC)fst01423814</subfield></datafield><datafield ind1=" " ind2="7" tag="655"><subfield code="a">Periodicals.</subfield><subfield code="2">fast</subfield><subfield code="0">(OCoLC)fst01411641</subfield></datafield><datafield ind1="2" ind2=" " tag="710"><subfield code="a">University of California, San Diego.</subfield></datafield><datafield ind1="0" ind2="0" tag="780"><subfield code="t">Indicator (La Jolla, San Diego, Calif.)</subfield><subfield code="w">(OCoLC)14913942</subfield></datafield><datafield ind1="0" ind2="0" tag="785"><subfield code="t">Crazy times</subfield><subfield code="w">(OCoLC)18375167</subfield></datafield><datafield ind1="4" ind2="1" tag="856"><subfield code="u">http://library.ucsd.edu/dc/search?utf8=%E2%9C%93&amp;op=AND&amp;Keyword+%29=&amp;Title=%22Third+world%22&amp;f_inclusive%5Bcollection_sim%5D%5BUCSD+Student+Newspapers%5D=1&amp;sort=score+desc%2C+system_create_dtsi+desc%2C+title_ssi+asc&amp;search_field=advanced</subfield></datafield></record>